<?xml version="1.0" encoding="UTF-8"?><collection><record><leader>07096ntm a2200625 a 4500</leader><controlfield tag="001">006822795</controlfield><controlfield tag="003">MiAaHDL</controlfield><controlfield tag="005">20190719000000.0</controlfield><controlfield tag="006">m        d        </controlfield><controlfield tag="007">cr bn ---auaua</controlfield><controlfield tag="008">090624s1774    xx            00| ||ota d</controlfield><datafield tag="035" ind1=" " ind2=" "><subfield code="a">(MiU)006822795</subfield></datafield><datafield tag="035" ind1=" " ind2=" "><subfield code="a">sdr-miu006822795</subfield></datafield><datafield tag="040" ind1=" " ind2=" "><subfield code="a">MiU</subfield><subfield code="c">MiU</subfield><subfield code="e">amremm</subfield></datafield><datafield tag="041" ind1="0" ind2=" "><subfield code="a">ota</subfield></datafield><datafield tag="043" ind1=" " ind2=" "><subfield code="a">n-us-mi</subfield><subfield code="a">ff-----</subfield><subfield code="a">aw-----</subfield><subfield code="a">e-sp---</subfield></datafield><datafield tag="100" ind1="0" ind2=" "><subfield code="6">880-01</subfield><subfield code="a">Rodosîzade Mehmet bin Mehmet,</subfield><subfield code="d">d. 1701.</subfield></datafield><datafield tag="245" ind1="1" ind2="0"><subfield code="6">880-03</subfield><subfield code="a">[Tercüme-yi Kitâbü'l-Harâc,</subfield><subfield code="f">1188, i.e. 1774].</subfield></datafield><datafield tag="246" ind1="3" ind2=" "><subfield code="a">Terceme-i Kitâbü'l-Harâc</subfield></datafield><datafield tag="260" ind1=" " ind2=" "><subfield code="c">[1774].</subfield></datafield><datafield tag="300" ind1=" " ind2=" "><subfield code="a">173 leaves :</subfield><subfield code="b">paper ;</subfield><subfield code="c">206 x 130 (135 x 60) mm.</subfield></datafield><datafield tag="500" ind1=" " ind2=" "><subfield code="a">Shelfmark: Ann Arbor, University of Michigan, Special Collections Library, Isl. Ms. 425</subfield></datafield><datafield tag="500" ind1=" " ind2=" "><subfield code="a">Origin: As appears in colophon on p.345, copied by Hacı Süleyman ( الحاج سليمان / al-Ḥājj Sulaymān ) with transcription completed 8 Ṣafar 1188 [April 1774]. As appears in preceding authorial colophon on pp.344-345, composition completed 2 Ṣafar 1094 [January 1683].</subfield></datafield><datafield tag="500" ind1=" " ind2=" "><subfield code="a">Binding: Pasteboards covered in dark brown leather ; Type II binding (with flap) ; doublures red-brown leather, lower hinge in block-printed paper (floral motifs in blue, red and yellow) ; upper and lower covers carry stamped (gold-painted recessed onlays) central lozenge-shaped ornament (filled with symmetrical vegetal composition, compare Déroche class. NSd 5) and pendants, along with gold-painted accents and tooled border in a series of s-shaped stamps ; doublures carry gold-flecked outline of exterior ornament ; design continues on envelope flap ; sewn in cream thread, two stations ; worked chevron endbands in cream (or pale yellow) and dark brown, fairly good condition ; overall in fair condition with some lifting and losses of leather, abrasion, staining, spine slant (slightly cocked), etc.</subfield></datafield><datafield tag="500" ind1=" " ind2=" "><subfield code="a">Support: non-European laid paper with 7-8 laid lines per cm. (horizontal, somewhat distinct, curved) and occasional chain lines faintly visible, cloudy formation, crisp and transluscent though sturdy, well-burnished to glossy, beige in color ; flyleaves in pale lavender, silver-flecked European paper (with three hats / tre cappelli watermark).</subfield></datafield><datafield tag="500" ind1=" " ind2=" "><subfield code="a">Decoration: Illuminated headpiece (ʻunwān) at opening on p.4, consisting of rectangular piece with empty gold cartouche flanked by floral accents in pink and gold, surmounted by scalloped w-shaped piece with swirling floral motifs (in pink and gold), surmounted by vertical stalks (tīgh) with floral motifs in red and gold, all set in a well of gold bands ; written area of incipit and facing page surrounded by frame consisting of gold bands and black and red fillets ; elsewhere written area surrounded by red-rule border ; textual dividers in the form of gold and red discs ; keywords rubricated.</subfield></datafield><datafield tag="500" ind1=" " ind2=" "><subfield code="a">Script: Naskh ; elegant Ottoman hand ; partially seriffed with right-sloping head-serif mainly on lām, effect of tilt to the left, mainly open counters, curvilinear descenders, pointing in conjoined dots.</subfield></datafield><datafield tag="500" ind1=" " ind2=" "><subfield code="a">Layout: Written in 19 lines per page ; frame-ruled.</subfield></datafield><datafield tag="500" ind1=" " ind2=" "><subfield code="a">Collation: ii, 16 V(160), VI+1 (173), i ; almost exclusively quinions with a final senion ; catchwords present ; pagination in pencil, Western numerals (includes inner flyleaf at opening).</subfield></datafield><datafield tag="500" ind1=" " ind2=" "><subfield code="a">Dedication: As appears in opening matter on p.5, likely composed for the grand vezir Merzifonlu Kara Mustafa Paşa (d.1683).</subfield></datafield><datafield tag="500" ind1=" " ind2=" "><subfield code="a">Colophon: "Authorial," reads "بو نسخۀ زينا وترجمۀ رعنا [؟] قلم مترجم عبد فقير ايله بيك طقسان درت صفر الخيرينك ايكنجى سبت كونى تمام اولدى وانا الفقير المعترف بالعجز والتقصير الى رحمه مولاه الغنى القدير محمد بن محمد الشهير بردوسى زاده بعونه تعالى" ; "Scribal," triangular, reads "بو كتاب عنبرين نقابك كتابتى نسخۀ مؤلفدن تحرير اولديغى نى محرر مذكور اشارت ايتمكله صحيح نسخه اولمغه بو نبذۀ پر تقصير الحاج سليمان اشبو كتاب مستطابى تكميل ايدرمكى منظورى اولان مؤمنين بو فقيرى ومترجم ... دعا ايله يادايده لر تم في ۸ ص سنه ١١٨٨"</subfield></datafield><datafield tag="500" ind1=" " ind2=" "><subfield code="a">Explicit: "ايدر كه ذكر اوتان روايت بو يايده اولان مسموعا نمرك الله اعلم احسنيدر احسنى لفظى ايله ترجمه پايانه ايردى فلله الحمد والمنه ... بو نسخۀ ..."</subfield></datafield><datafield tag="500" ind1=" " ind2=" "><subfield code="a">Incipit: "حمد بى غايه وثناى بى نهايه اول ذات بيچونه اولسونكه احكام شرع قويمى محكم كتابى ايله ... مترجم كتاب عنبرين نقاب محمد بن محمد الشهير برودوسى زاده ايدركه چونكه دستور اسمان بايه وصاحب خورشيد سايه مسند فروزكار فرمانى ... اعنى وزير مصطفى پاشا دام غروفشا ... بر نيچه اموردن استفسار ايلدكده اما رحمه الله تعالى حالاميان علماده خراج ابى يوسف عنوانيله معروف ومشهور اولان كتابى تأليف بيورمشلر ايدى ديوب كتاب مذكور محاسننى شرح وبيان ايلمشدى ..."</subfield></datafield><datafield tag="500" ind1=" " ind2=" "><subfield code="a">Title supplied by cataloguer.</subfield></datafield><datafield tag="500" ind1=" " ind2=" "><subfield code="a">Ms. codex.</subfield></datafield><datafield tag="510" ind1="4" ind2=" "><subfield code="a">Brockelmann, C. GAL,</subfield><subfield code="c">I 171</subfield></datafield><datafield tag="520" ind1="8" ind2=" "><subfield code="a">Elegant copy of the Turkish rendering by Rodosîzade Mehmet bin Mehmet (d.1701) of Abū Yūsuf's (d.798) treatise on the kharāj, or land tax, written for Hārūn al-Rashīd (ca. 763-809).</subfield></datafield><datafield tag="538" ind1=" " ind2=" "><subfield code="a">Mode of access: Internet.</subfield></datafield><datafield tag="541" ind1=" " ind2=" "><subfield code="c">Purchase ;</subfield><subfield code="a">Acquired by purchase (funds donated by Horace Rackham).</subfield><subfield code="d">1924.</subfield></datafield><datafield tag="546" ind1=" " ind2=" "><subfield code="a">Ottoman Turkish.</subfield></datafield><datafield tag="561" ind1=" " ind2=" "><subfield code="a">Prayers on added leaf at opening (p.1) ; poetic excerpts on final leaf and back flyleaf.</subfield></datafield><datafield tag="600" ind1="0" ind2="0"><subfield code="a">Abū Yūsuf Yaʻqūb,</subfield><subfield code="d">731 or 732-798.</subfield><subfield code="t">Kharāj.</subfield></datafield><datafield tag="650" ind1=" " ind2="0"><subfield code="a">Manuscripts, Turkish</subfield><subfield code="z">Michigan</subfield><subfield code="z">Ann Arbor.</subfield></datafield><datafield tag="650" ind1=" " ind2="0"><subfield code="a">Islamic law</subfield><subfield code="x">Interpretation and construction</subfield><subfield code="v">Early works to 1800.</subfield></datafield><datafield tag="650" ind1=" " ind2="0"><subfield code="a">Land value taxation (Islamic law)</subfield><subfield code="v">Early works to 1800.</subfield></datafield><datafield tag="650" ind1=" " ind2="0"><subfield code="a">Real property tax (Islamic law)</subfield><subfield code="v">Early works to 1800.</subfield></datafield><datafield tag="650" ind1=" " ind2="0"><subfield code="a">Land value taxation</subfield><subfield code="z">Islamic Empire</subfield><subfield code="v">Early works to 1800.</subfield></datafield><datafield tag="650" ind1=" " ind2="0"><subfield code="a">Real property tax</subfield><subfield code="z">Islamic Empire</subfield><subfield code="v">Early works to 1800.</subfield></datafield><datafield tag="655" ind1=" " ind2="7"><subfield code="a">Headpieces (layout features)</subfield><subfield code="y">18th century.</subfield><subfield code="2">aat</subfield></datafield><datafield tag="700" ind1="0" ind2=" "><subfield code="6">880-07</subfield><subfield code="a">Hacı Süleyman,</subfield><subfield code="d">fl. 1774,</subfield><subfield code="e">scribe.</subfield></datafield><datafield tag="700" ind1="0" ind2=" "><subfield code="a">Abdülhamid</subfield><subfield code="b">II,</subfield><subfield code="c">Sultan of the Turks,</subfield><subfield code="d">1842-1918,</subfield><subfield code="e">former owner.</subfield></datafield><datafield tag="773" ind1="0" ind2=" "><subfield code="a">Abdul Hamid Collection.</subfield></datafield><datafield tag="880" ind1="0" ind2=" "><subfield code="6">700-07/</subfield><subfield code="a">حاجى سليمان,</subfield><subfield code="e">ناسخ.</subfield></datafield><datafield tag="880" ind1="1" ind2="0"><subfield code="6">245-03/</subfield><subfield code="a">[ترجمۀ كتاب الخراج,</subfield><subfield code="f">1188ه, 1774م].</subfield></datafield><datafield tag="880" ind1="0" ind2=" "><subfield code="6">100-01/</subfield><subfield code="a">ردوسى زاده محمد بن محمد.</subfield></datafield><datafield tag="CID" ind1=" " ind2=" "><subfield code="a">006822795</subfield></datafield><datafield tag="DAT" ind1="0" ind2=" "><subfield code="a">20190719102640.0</subfield><subfield code="b">20190719000000.0</subfield></datafield><datafield tag="DAT" ind1="1" ind2=" "><subfield code="a">20190719090653.0</subfield><subfield code="b">2019-07-19T16:12:15Z</subfield></datafield><datafield tag="DAT" ind1="2" ind2=" "><subfield code="a">2015-10-02T18:00:03Z</subfield></datafield><datafield tag="CAT" ind1=" " ind2=" "><subfield code="a">SDR-MIU</subfield><subfield code="d">EX LIBRIS - ALEPH</subfield><subfield code="l">prepare.pl-004-008</subfield></datafield><datafield tag="FMT" ind1=" " ind2=" "><subfield code="a">BK</subfield></datafield><datafield tag="HOL" ind1=" " ind2=" "><subfield code="0">sdr-miu006822795</subfield><subfield code="a">MiU</subfield><subfield code="b">SDR</subfield><subfield code="c">MIU</subfield><subfield code="p">mdp.39015079130921</subfield><subfield code="s">MIU</subfield><subfield code="1">006822795</subfield></datafield><datafield tag="974" ind1=" " ind2=" "><subfield code="b">MIU</subfield><subfield code="c">MIU</subfield><subfield code="d">20190719</subfield><subfield code="s">lit-dlps-dc</subfield><subfield code="u">mdp.39015079130921</subfield><subfield code="y">1774</subfield><subfield code="r">pd</subfield><subfield code="q">bib</subfield><subfield code="t">non-US bib date1 &lt; 1879</subfield></datafield></record></collection>